<?xml version="1.0" encoding="UTF-8"?><collection xmlns="http://www.loc.gov/MARC21/slim"><record><leader>00412nam--2200169-i-4500</leader><controlfield tag="001">000021493</controlfield><controlfield tag="002">20161230</controlfield><controlfield tag="005">20170121210014</controlfield><controlfield tag="008">060222s1000------------r-----000-0-eng-d</controlfield><datafield ind1=" " ind2=" " tag="080"><subfield code="a">523.161(021)=2</subfield></datafield><datafield ind1=" " ind2=" " tag="100"><subfield code="a">Janossy, L</subfield></datafield><datafield ind1=" " ind2=" " tag="245"><subfield code="a">Cosmic rays</subfield></datafield><datafield ind1=" " ind2=" " tag="250"><subfield code="a">Second edition</subfield></datafield><datafield ind1=" " ind2=" " tag="260"><subfield code="a">Oxford</subfield><subfield code="b">At The Clarendon Press</subfield><subfield code="c">1950</subfield></datafield><datafield ind1=" " ind2=" " tag="300"><subfield code="a">XIV + 454 p.+ 10 p</subfield></datafield><datafield ind1=" " ind2=" " tag="852"><subfield code="a">483</subfield></datafield><datafield ind1=" " ind2=" " tag="CAT"><subfield code="a">SYS</subfield><subfield code="c">20170121</subfield><subfield code="h">210014</subfield></datafield></record></collection>